
@manual{telnetFibra,
  title        = {Fibra óptica para NGN - Dispersión cromática y PMD},
  author       = {Telnet Redes Inteligentes S.A.}, 
  organization = {Telnet},
  edition      = 1,
  month        = 11,
  year         = 2009,
}